2394 2998
353 1255 800 1379 aanasnrto

141 1513 144 1532 ¹
198 1575 220 1599 ,,
262 1588 264 1604 ,
292 1530 497 1607 quosdam
489 1547 558 1590 mter
568 1550 671 1607 primae
680 1530 775 1591 eccles
777 1550 806 1589 ae
815 1530 953 1601 eruditos
966 1529 1015 1588 in-

141 1648 143 1659 1
194 1644 196 1653 ι
193 1611 250 1685 „³
291 1610 387 1677 venio,
407 1609 466 1695 qni,
486 1628 548 1666 cum
561 1610 669 1685 pelbme
680 1610 774 1685 quaed
769 1628 812 1665 nn
806 1606 1015 1698 scripturaesa-

162 1688 164 1695 ⁴
226 1723 229 1734 ι
289 1704 350 1742 crae
362 1686 422 1742 loca
439 1685 654 1761 interpretando,
673 1701 732 1744 mm
748 1683 849 1742 infelici
859 1691 944 1758 opera
958 1684 1028 1737 ivan

75 1798 82 1805 -
133 1747 294 1828 τιὸφωινέμενω
312 1762 479 1849 colligendo,
498 1762 669 1820 sanhliotibus
687 1763 777 1821 literis
788 1760 854 1818 nihil
873 1760 983 1818 dinini'
970 1780 1016 1818 tn

134 1836 196 1904 elle,
215 1855 353 1924 putarent,
373 1842 430 1893 imo
443 1839 549 1893 inutiles
568 1837 627 1894 istas
646 1841 781 1912 etimpias
793 1838 1013 1911 pronunciarent,
1077 1895 1080 1900 ,

57 1983 58 1986 ¹
133 1931 160 1973 et
173 1914 298 1981 homines
308 1913 342 1998 ab
357 1931 449 1970 earum
462 1909 576 1970 lellione
586 1913 742 1983 retinendos
753 1914 908 1970 iudicarent.
948 1914 1013 2001 Qa

133 1992 276 2067 opinione,
300 1985 429 2066 tanquam
454 1990 615 2065 contagione
631 1990 731 2066 aliqua,
756 1989 907 2051 multorum
927 1990 1011 2048 animi
1094 1990 1095 1993 ’

132 2067 236 2133 insani,
250 2082 355 2123 tantum
368 2066 504 2124 literarum
516 2035 643 2124 sacrarum
654 2066 750 2125 odium
760 2083 953 2144 conceperunt,
971 2083 1019 2133 vt,

131 2145 240 2222 quod'
222 2164 254 2200 ns
268 2142 473 2219 impenderetur
487 2142 614 2210 studium,
634 2144 662 2200 id
677 2154 773 2202 omne
782 2163 842 2201 non
850 2139 958 2201 solnm
950 2163 1011 2202 mu

130 2222 197 2291 tile,
228 2220 272 2277 sed
296 2220 475 2296 periculosum
502 2221 582 2279 etiam
607 2236 636 2278 et
659 2222 756 2279 animis
780 2220 925 2289 hominnm
950 2240 1010 2297 per-

131 2296 279 2363 niciolum,
311 2298 549 2357 condemnandum
580 2297 774 2357 arbitrarentur
830 2298 928 2356 Nemo
959 2298 1009 2356 hn-

132 2375 179 2432 ius
194 2376 232 2431 rei
235 2375 358 2448 ignarus
380 2373 417 2431 est
438 2375 490 2442 ita,
518 2392 549 2433 vt
568 2374 682 2442 nesciat,
707 2373 902 2447 lllanichaeos‚
931 2391 1010 2435 vetus

131 2471 214 2510 omne
244 2450 447 2509 Testamentum
477 2471 491 2509 a
517 2452 589 2510 malo
616 2452 807 2512 Hebraeorum
835 2451 889 2510 deo
917 2454 1009 2528 profe·

132 2532 284 2598 clamet,
309 2544 339 2585 vt
362 2529 396 2585 ad
408 2528 471 2588 fidei
490 2530 749 2589 confirmationem
742 2544 878 2605 ineptum,
905 2529 943 2588 ito
959 2529 1010 2589 bo·

131 2607 172 2665 nis
195 2572 328 2663 morilius
334 2605 412 2680 plane
433 2607 586 2679 aduersum,
611 2606 811 2684 blasphematus
831 2605 896 2673 elle,
926 2623 953 2665 et
978 2608 1009 2666 il·
1068 2659 1069 2663 ,

131 2684 173 2742 los
200 2684 283 2741 libros
308 2681 417 2741 diuinos
444 2682 508 2753 elle,
537 2652 705 2775 peinegall'ez
723 2686 771 2763 qni
792 2685 958 2744 Patriarehas
982 2701 1009 2744 et
1051 2712 1055 2718 2

50 2802 60 2816 -.
130 2760 293 2840 Prophetas,
311 2779 378 2838 quos
392 2762 614 2898 atrocilbmongm
631 2764 775 2825 criminum
786 2760 834 2840 ipsi
845 2782 907 2822 reos
919 2779 1007 2899 11111111,

935 2858 967 2900 au
986 2859 1007 2899 r
1045 2889 1047 2892 .

1032 1509 1038 1555 )
1101 1538 1104 1541 Α
