2394 2998
382 152 701 194 =·--···--··=··-=·-=
945 153 973 205 37

95 283 122 324 at
136 264 283 336 fatigatione
298 259 425 335 dilatetur,
443 264 630 318 etvexerciratus
648 264 740 334 capiat,
759 263 828 335 quod
843 282 895 333 non
912 279 970 337 pot7

94 346 135 400 est*
155 357 249 411 capere<
267 338 369 396 otiosus.
424 343 519 394 Nonne
546 339 657 393 miranda
681 339 715 393 cll
737 338 976 412 diuina-'sapientia

76 437 79 442 ’
93 419 162 492 qriae'
175 416 352 491 ruiqneyfirunr
368 420 395 470 in
411 416 527 489 scriptura
544 416 667 483 attribuit,
695 428 722 469 vt
736 413 836 481 indodli
845 417 918 487 plane
930 420 968 473 inss

66 559 67 562 Ἴ
92 492 203 565 telligant
218 511 259 558 ea,
278 510 340 567 quae
356 495 388 547 ad
404 511 493 546 eornm
510 488 689 548 saluternsunt
708 491 810 565 scripta,
837 491 910 557 (lodii
926 512 969 560 au-

92 585 146 625 tem
167 570 438 626 inultiseaer'ce'anrur
461 567 663 631 difficultatibus,
686 587 757 644 quas„
771 571 907 644 quomodo
930 570 969 625 su·

90 659 193 718 pereat,
222 650 265 701 vix
290 649 426 700 inueniant.
483 643 602 699 Vltimam
633 645 737 701 adiicere
762 645 835 701 liceat
858 648 966 717 causam,

92 740 167 796 quam
187 728 260 778 Deus.
276 722 406 795 respexiffe
426 722 536 790 videtur,
555 723 676 775 nimirum
693 736 719 778 vt
738 724 876 778 discrimen
903 743 966 779 cou-

90 800 227 854 seruaretnr
254 802 320 865 iuter
354 796 472 855 dodores
508 811 535 853 et
569 796 723 870 discipulos,
761 803 828 864 iuter
858 805 964 855 concio-

47 912 49 915 ψ
92 888 192 930 natones
225 877 490 945 et.auditoresj·,f³et
516 887 608 929 munus
639 875 733 938 sacrum
758 877 825 941 iullo
852 877 965 947 afficere-

90 965 130 1006 tur
155 951 263 1006 honore.
321 956 386 1024 Qus
412 950 532 1008 desideret
556 950 588 1006 ab
608 950 716 1027 indoilis
742 951 908 1021 hominibus,
936 964 978 1007 vt,
1013 982 1017 988 ·

91 1031 178 1096 omnia
192 1023 330 1098 'declinem
361 1033 388 1082 in
417 1028 542 1100 scripturis
571 1032 743 1098 occurrentia,
769 1027 909 1099 intelligant
937 1042 963 1084 et

40 1158 42 1160 .
89 1107 244 1176 interpretari
276 1102 396 1159 valcant?
440 1108 502 1159 Satis
533 1104 585 1176 est,
619 1103 637 1158 fi
672 1123 704 1158 cx
737 1123 783 1158 ore
817 1102 962 1159 Dodlorum

89 1180 233 1237 feudorum
254 1179 449 1252 explicationem
469 1179 641 1233 difficiliorem
656 1178 783 1240 locorum·
797 1181 908 1244 discant,
938 1193 964 1235 et

90 1274 180 1311 eorum
202 1254 348 1309 austeritate
370 1254 427 1309 freti
448 1256 481 1309 de
501 1255 673 1326 sapientiffima
687 1254 812 1321 sacrarum
827 1260 854 1309 in
875 1254 963 1310 Bibliis

91 1342 176 1387 'return
196 1329 359 1403 dispositione
375 1330 505 1401 gaudeant.
561 1329 664 1384 Aridior
676 1334 760 1401 operis
777 1330 919 1403 imperfedli
935 1334 962 1385 in
985 1394 989 1399 q

89 1407 181 1464 Matth.
191 1407 281 1462 homil.
298 1422 342 1477 44,
358 1406 433 1460 dicit:
451 1409 526 1461 Ratio
542 1404 696 1460 obscuritatis
713 1407 759 1476 (iu
769 1406 911 1480 scripturis)
926 1407 962 1462 eli

52 1505 60 1508 ··
89 1482 235 1556 multiplea,
264 1497 348 1538 tamen
363 1479 536 1537 satisfadlionis
554 1482 635 1537 causas
652 1482 762 1538 dicimus
784 1483 851 1537 duas.
908 1486 961 1538 Pri·
1020 1543 1022 1546 ,

12 1563 25 1575 ”
90 1579 177 1630 mum,
206 1563 263 1633 quia
281 1564 350 1614 Deus
368 1558 429 1619 alios
442 1557 526 1626 noluit
542 1559 590 1612 effe
607 1557 740 1625 dor‘lores',
769 1558 831 1614 alios
849 1559 961 1630 discipu-

88 1635 136 1699 losj.
170 1638 219 1689 ‘ai
237 1650 322 1689 autem
343 1648 433 1687 omnes
454 1634 542 1686 onmia
562 1633 665 1700 scirent,
700 1631 793 1688 dorlor
814 1634 961 1690 necessarius

86 1726 144 1763 non
166 1722 231 1771 erat,
256 1722 282 1760 et
303 1709 364 1760 ideo
380 1706 438 1758 effer
458 1710 542 1758 reruni
558 1708 627 1758 ordo
644 1706 762 1776 confusus
786 1722 833 1762 etc.
890 1714 961 1765 Sicut

55 1806 56 1809 ¹
89 1787 159 1840 cuim
178 1780 349 1854 paterfamilias
377 1778 504 1833 cellarium
527 1792 570 1833 aur
591 1780 730 1835 vestiarium
747 1783 820 1836 sunm
842 1802 898 1839 non
914 1786 959 1839 ha-

87 1859 131 1915 bet
155 1856 294 1931 eapofinrm
317 1854 427 1924 cundlis,
464 1855 508 1909 sed
526 1854 588 1910 alios
606 1856 708 1931 quidem
725 1857 806 1913 <habet
823 1862 849 1912 in
866 1861 958 1927 domn,

88 1939 132 2012 qni
148 1935 220 2004 dant,
242 1934 305 1990 alios
321 1946 418 2002 autem,
442 1934 485 2005 qui
502 1935 637 2003 accipiunt5
663 1930 696 1988 fic
718 1948 744 1988 et
760 1938 787 1989 in
807 1939 856 1990 Dei
873 1937 958 1993 durno

89 2011 131 2067 alii
148 2012 216 2076 sunt,
241 2015 285 2086 qui
299 2010 407 2072 docent,
428 2007 482 2077 alii,
507 2012 550 2083 qui
565 2010 670 2064 discunt.
711 2012 811 2066 Deinde
827 2011 959 2071 obscurata

88 2089 125 2143 est
139 2091 229 2144 notitia
244 2090 369 2150 veritatis,
387 2103 419 2139 ne
437 2103 490 2141 non
503 2098 552 2142 tarn
563 2085 629 2142 vtilis
638 2088 792 2154 inueniatur,
807 2106 884 2163 quam
895 2108 959 2145 con·
974 2110 976 2113 ’

89 2163 228 2220 temtibih's.
276 2160 464 2218 Contenrtibilis
481 2176 564 2218 tamen
580 2163 629 2232 en,
652 2161 669 2218 sr
686 2162 718 2218 ab
734 2163 782 2218 illis
797 2164 958 2237 intelligatur,

88 2258 102 2296 a
119 2239 209 2316 quibus
226 2257 275 2294 nec
288 2251 396 2303 amatur,
422 2256 472 2294 nec
486 2240 630 2295 custoditur.
686 2243 825 2312 Gregorius
838 2242 914 2299 horn.
931 2260 969 2313 4..

89 2321 117 2372 in
132 2318 203 2372 Cant.
219 2319 340 2388 Scriptura
355 2315 435 2383 sacra,
455 2320 503 2386 air,
520 2317 553 2371 est
565 2315 636 2372 fimul
650 2315 708 2372 fons
720 2331 745 2372 et
755 2332 852 2391 puteus.
890 2322 959 2376 Fons

87 2407 173 2467 patens
188 2397 215 2448 in
236 2393 371 2465 superficie,
385 2405 463 2447 terrae
486 2394 623 2449 secundum
643 2393 722 2468 aliqua
737 2396 864 2464 mysteria,
892 2414 958 2472 quae
1027 2426 1028 2429 ¹

89 2471 154 2526 clare
172 2470 260 2540 docet,
285 2474 342 2545 quia
358 2469 477 2526 omnibus
493 2473 548 2526 sunt
563 2470 693 2526 necessaria
709 2472 740 2526 ad
755 2471 868 2529 salutem,
909 2478 958 2531 Pu-

13 2616 16 2620 ,
88 2560 150 2627 teus,
161 2561 242 2607 autem
259 2545 403 2626 profundus,
418 2546 453 2633 ola
470 2547 516 2608 alia
535 2545 691 2615 secretissima
710 2562 737 2606 et
757 2548 959 2627 profundissima,
1001 2600 1005 2603 a

897 2646 960 2709 quae
988 2669 990 2673 >
