2394 2998
402 213 710 239 m
749 222 751 227 ·

401 240 712 253 ----·----·-—-·-—
944 225 996 261 XVII

113 328 228 399 inutilia,
242 342 276 400 et
295 328 321 405 in
336 326 488 385 uniuersum
506 325 619 402 plurima
635 324 717 401 longe
729 323 784 383 'else
794 341 898 391 remota
913 330 947 387 ab
963 351 994 389 ea

112 406 283 471 andorirate,
300 422 330 464 vt
346 403 445 482 possint
455 404 489 462 ad¹
505 404 601 479 γραφὴν
616 401 752 461 sedarentur
770 400 876 462 reserri„
906 408 993 466 Pona·¹
1072 431 1085 482 s

111 483 186 552 mus,
211 484 248 541 ait
264 484 372 560 quidam
388 482 433 547 vir
445 480 623 550 dosliffimus,
635 488 636 491 ’
649 478 850 555 inspirationem
872 481 1008 540 diuinam-1

110 558 177 617 olim
195 558 336 618 extendisse
352 558 378 616 se
393 558 428 616 ad
446 557 534 615 verba
545 558 626 615 etiam
645 556 781 631 scriptoris
800 555 885 624 sacri,¹
900 574 992 617 tamen

110 655 183 692 nunc
199 637 305 695 euanuit
323 635 381 705 ista,
401 651 429 693 et
445 636 602 710 neutiquam
613 633 646 690 ad
660 633 754 702 verba,
774 652 842 709 quae
858 635 939 692 hodie
954 637 990 694 le·
1070 635 1071 638 ’

109 714 208 788 guntur
224 714 252 770 in
262 712 354 772 Bibliis
365 712 456 780 saeris,
476 709 630 785 trahenda,
640 710 754 786 propiet
770 711 989 786 apographorum
1014 772 1016 776 ,

21 828 24 841 ,
108 788 333 865 permutationes,
352 808 418 866 quae
434 786 564 855 facerent,
585 799 627 853 vt,
647 803 760 862 propter
779 789 939 845 varietatem
953 789 989 846 le-

30 927 32 931 ,
49 936 50 940 Ἰ
109 865 230 923 clinnum
247 869 275 923 in
291 867 382 927 multis
397 865 476 936 loeis,
501 865 548 941 qui
567 852 696 950 pumerds
712 879 744 922 et·
755 865 827 922 ordo
841 861 989 923 verborum

108 943 233 1018 proprius
248 941 350 1010 suerit,
361 944 541 1019 ignoraretur,
561 960 624 1007 nec,
644 960 677 999 an
694 940 822 1016 pauciora
838 941 882 999 vel
902 942 995 1018 plura,

99 1015 136 1074 'in
153 1019 208 1087 hoc
223 1019 265 1077 vel
277 1020 332 1091 islo>
342 1018 422 1085 loco,
436 1019 502 1075 olim
513 1015 613 1074 suerint
624 1016 720 1084 verba,
735 1019 894 1094 neutiquam
912 1033 987 1076 certe
1002 1037 1003 1041 ’
1025 1024 1027 1027 ’
1050 1022 1051 1026 ’

107 1093 161 1151 dici
172 1095 263 1170 posset.
302 1093 513 1167 Quamuissacri·
522 1094 624 1150 codicis
635 1094 786 1169 integritas,
807 1093 911 1168 exclusa
927 1096 996 1156 vni-¹

108 1169 196 1240 versali
214 1171 339 1229 omnium
355 1170 483 1240 codicum
498 1169 689 1243 corruptione,
704 1172 806 1227 merito
821 1169 990 1240 adstruendar

107 1247 219 1305 minime
229 1264 320 1306 tamen
328 1245 471 1322 negamus,
490 1244 707 1302 librariornmsac
722 1245 929 1332 typothetarum
946 1248 986 1305 in·

71 1372 72 1376 ,
107 1322 191 1387 curia,
209 1322 237 1376 in
250 1317 341 1376 multis
351 1321 490 1377 codicibus
502 1318 686 1407 manuscriptis
700 1339 799 1397 panter
814 1341 846 1380 ac
857 1322 991 1398 impressas
1044 1395 1050 1399 η
1124 1346 1126 1349 ·

106 1397 220 1471 aliquam
237 1395 300 1455 hine
317 1395 379 1451 inde
397 1395 605 1471 discrepantiam
617 1415 645 1450 m
662 1414 795 1454 certarum
807 1418 907 1456 vocum
923 1399 995 1457 seri-3

105 1473 201 1546 ptione
212 1470 339 1537 inueniri,
358 1469 434 1529 cuius
445 1471 534 1538 fontes
550 1486 577 1526 et
588 1469 741 1528 occasiones
750 1472 868 1530 ostendit
879 1474 988 1540 summe¹

105 1550 175 1606 Ven.
192 1552 228 1606 Ιο.
245 1547 332 1604 Henr.
350 1545 488 1602 Michaelis
503 1545 627 1620 in-praef.
642 1547 707 1603 bibl.
724 1548 778 1605 ebr.
794 1567 854 1623 cap.
870 1551 909 1606 lll.
927 1557 948 1621 §.
961 1571 984 1616 5.

104 1644 131 1700 p,
145 1642 186 1695 ¹7·
214 1623 266 1680 Sed
278 1622 344 1699 quid
353 1623 434 1679 inde?
453 1642 518 1678 num
532 1622 611 1697 igitur
622 1622 698 1679 verbi
711 1623 797 1680 diuini
807 1643 889 1681 voces
900 1627 989 1699 perie-
1019 1695 1020 1698 Ἴ

104 1705 184 1758 runt?
201 1719 293 1760 nonne
309 1696 452 1773 diligentes
465 1714 492 1755 et
502 1698 576 1755 dotti
588 1698 644 1770 viri
654 1699 784 1756 variantes
798 1702 937 1778 Vtriusque
948 1718 985 1760 te·
1004 1737 1008 1753 ,

103 1775 226 1835 {lamenti
241 1776 369 1844 ledliones
384 1773 489 1829 summo
507 1773 595 1829 studio
614 1774 819 1846 congesserunt?
830 1778 865 1849 ¹in
885 1778 984 1853 quibus

102 1849 304 1911 colledionibus
316 1867 375 1926 vera
386 1849 569 1923 cuiuscunque
579 1847 631 1903 loci
643 1848 723 1905 leslio
733 1851 849 1908 omnino
860 1851 989 1927 superest,

103 1947 131 1988 et
142 1946 196 2004 ope
207 1927 269 1984 attis
280 1925 387 1983 criticae
397 1925 509 1982 a‘doelis
522 1924 583 1980 viris
593 1925 709 1981 maxime
725 1925 880 1993 restituitur,
899 1930 936 1987 ita
950 1946 986 1988 vt

103 2006 215 2064 minime
226 2002 352 2059 efficiatur
362 2002 438 2067 inde,
454 2020 511 2059 non
523 2000 634 2075 amplius
651 2004 732 2053 πᾶσαν
747 2004 846 2078 γραφήν
862 2003 912 2062 effe
926 2005 986 2060 ,9εῂ

104 2103 206 2149 atrurn,
230 2080 357 2154 quoniam
374 2079 402 2134 in
418 2077 577 2154 quibusdam
595 2076 661 2133 lueis
678 2077 763 2135 variae
778 2098 923 2139 occurrant
942 2082 982 2139 le·

104 2159 213 2216 triones.
252 2155 366 2212 Diuinae
376 2173 456 2212 voees
467 2173 530 2211 vere
543 2151 691 2228 supersunt,
710 2153 810 2213 etiamsi
826 2160 854 2213 in
870 2159 978 2233 quibus-

105 2236 167 2292 dam
182 2233 249 2289 locis
264 2250 359 2288 veram
374 2229 533 2301 nesciamus,
553 2247 640 2288 tamen
652 2230 759 2290 diuinae
772 2232 908 2292 doctrinae
923 2234 979 2293 sen·

103 2311 143 2369 sus
153 2309 251 2383 vbique
260 2324 381 2371 remanet
390 2308 570 2384 incorruptus.
604 2305 682 2364 Haec
693 2324 720 2365 et
731 2309 778 2366 alia
789 2309 923 2368 eiusmodi
934 2330 981 2387 ge·

104 2387 173 2453 neris
191 2386 315 2460 leguntur
333 2384 454 2442 inlibris
475 2383 577 2443 summe
596 2384 763 2441 Venerabilis
783 2383 980 2462 dodliffimique

104 2462 226 2525 Semleri‚
245 2460 278 2516 de
288 2461 415 2528 Canum,
433 2463 461 2519 in
472 2461 563 2519 multis
573 2459 647 2526 locis
659 2463 722 2537 {er-g.
734 2463 759 2520 Ρ.
774 2462 791 2518 Ι.
802 2480 827 2536 p.
843 2469 980 2523 116.-266.

107 2549 169 2604 268.
206 2538 238 2594 lis
249 2536 336 2604 rebus,
355 2557 428 2613 quae*
437 2539 553 2596 diuinam
565 2536 725 2613 quibusdam
736 2538 896 2613 derogarent
907 2540 987 2599 libris'

104 2616 182 2675 saeris
198 2613 395 2681 austeritatem,
414 2615 604 2673 accensuerunt
619 2614 670 2672 viri
686 2613 759 2672 dosii
775 2615 847 2690 leges
869 2616 979 2675 ludaeo-

104 2710 164 2755 rum
176 2689 391 2769 praescribentes
413 2688 515 2751 cultum
535 2690 689 2825 Iguit'imm,
708 2707 744 2765 -et
763 2707 832 2768 quae
850 2693 885 2827 pd
896 2695 979 2829 ,iilum
1059 2720 1062 2723 >

860 2789 894 2846 pe
923 2785 981 2839 aner
1038 2836 1042 2841 f
