2394 2998
388 156 701 213 *an—am·—
955 196 988 243 <75

395 209 702 223 ss-ae-m--u

93 307 94 310 ’
115 303 308 375 Commentario
318 303 349 355 ad
361 301 386 355 h.
400 301 414 355 i.
425 297 626 359 -Knatchbullunr
648 302 674 353 iu
690 300 760 354 notis
776 301 808 353 ad-
818 301 843 367 h,
854 302 869 356 i.
882 325 885 330 ·
908 302 995 373 Cieri-¹

113 378 171 451 cum
183 379 288 433 innotis
304 379 406 439 adaers
417 377 470 450 gall.
482 382 513 432 N.
527 381 560 450 T.
574 377 606 432 ad
619 377 644 433 h.
656 377 672 432 l.
704 380 762 434 Car.
778 375 801 449 ie
815 379 885 433 Cene
900 383 926 433 in
942 391 988 435 co-

112 453 170 511 natu
182 468 263 523 aronae
275 454 406 524 versionir,
426 474 479 527 pag.
491 471 547 526 539.

53 625 56 628 ’
106 603 107 607 “
139 642 142 648 ¹
188 615 307 678 larnper
322 608 347 662 se
372 619 491 661 corruunt
508 623 550 670 ea,
575 623 640 680 quae
660 606 810 661 conciliator
826 608 909 663 noster
929 613 954 671 ἓ..
965 625 987 663 2.

110 683 174 741 seu.
185 690 212 738 ll.
225 687 371 755 disputauit‚
389 684 423 750 rie
432 683 537 749 ordine,
546 701 608 757 ⁴quo
619 683 702 746 Moses
715 686 846 754 proposuit
856 684 984 744 historiam

110 766 191 817 exitus
201 760 384 835 Abr'aamissposi
396 762 483 813 mortis
494 759 598 813 demani
610 757 807 814 Thateisasiarn
818 764 983 828 mentionem.

108 839 272 894 Posteriorern
288 846 346 890 eum
364 835 434 890 fuisse
450 836 527 897 huius
539 849 633 906 morte,
651 855 682 889 ex
697 836 746 890 hac
760 841 908 892 narrationis
923 838 984 892 serie

109 914 245 987 probarunt
260 911 373 983 plutiani,
397 910 525 986 qui-huuc
540 910 626 967 locuni
642 916 756 983 attigere3
781 933 802 968 e.
817 934 840 985 gq
857 918 984 983 Hierony·

109 1001 167 1055 inus
182 994 209 1044 in
224 988 346 1044 hebraicis
361 987 548 1055 traditionibus,
569 989 729 1059 Augustinus,
741 992 831 1063 quaest.
842 988 926 1057 XXV
942 991 982 1044 su-

108 1085 152 1139 per
163 1066 254 1125 Genes.
265 1079 289 1119 et
301 1067 337 1124 de,
345 1068 454 1131 Ciuitate
464 1068 514 1119 Dei
525 1063 566 1127 lib.
579 1069 643 1118 XVI.
654 1083 711 1137 cap.
722 1080 765 1134 '1‘5.
785 1067 875 1142 aiiique
891 1086 926 1120 err
938 1084 980 1138 pa·
1023 1096 1025 1101 ·

108 1157 175 1197 trum
192 1143 293 1195 ordine:
313 1155 384 1194 etex
400 1138 580 1202 recentioribus
596 1142 699 1195 eandem
717 1142 839 1212 probandi
857 1147 980 1199 rationem

107 1219 206 1272 secutus
223 1214 416 1287 deprehenditur
429 1217 548 1270 Buddeus
565 1218 590 1268 iu
606 1215 661 1269 hist.
678 1216 766 1275 eccles.
783 1218 940 1283 VthSesh
950 1223 979 1287 Ii.

108 1298 129 1364 §.
141 1310 162 1347 a·
181 1295 252 1346 cuius
270 1291 343 1346 uerba
361 1291 422 1345 haec
434 1293 505 1350 suut:
527 1288 641 1354 Delibata
653 1299 739 1362 paucis
755 1293 858 1349 Tharne
879 1309 903 1349 et
918 1287 981 1350 iibe-

107 1371 253 1442 rorurneius
264 1366 372 1436 historia,
383 1385 476 1420 anuum
486 1370 576 1420 mortis
587 1367 687 1421 Thatae
699 1367 805 1437 scilicet,
817 1371 978 1443 ¹quodanno

108 1441 264 1514 aetatissuae
281 1445 356 1497 CCV.
373 1445 441 1497 diem
457 1443 561 1510 obierit,
580 1458 605 1496 et
622 1442 683 1496 hinc
698 1445 799 1498 taudem
816 1450 979 1501 vocationem

106 1521 227 1577 Abraatni
244 1518 381 1589 subiungit:
406 1524 443 1573 Ex
461 1538 526 1592 qu0‚
550 1522 642 1589 pergit,
667 1523 790 1590 innuitur,
807 1527 981 1579 uocationem

106 1595 224 1651 Abraami
242 1614 272 1646 ex
290 1594 400 1646 Charran
416 1595 593 1661 postmortem
609 1595 712 1647 denuim
723 1594 823 1650 Thatae
837 1597 980 1668 contigisse-t

106 1682 132 1724 et
142 1670 233 1722 deinde
244 1667 336 1721 additi.
348 1686 367 1722 e.
377 1666 399 1735 s,
414 1684 436 1719 2.
448 1686 471 1736 p¹
482 1669 545 1734 760.
582 1668 734 1722 HocTha'ra
746 1673 794 1724 iam
806 1686 910 1727 mortuo
920 1691 982 1740 eon-

106 1744 199 1814 tigisse,
222 1741 328 1795 dubitari
349 1740 446 1810 prorsus
467 1743 567 1812 nequit,
594 1758 653 1793 cunr
671 1759 724 1794 non
742 1751 839 1804 tanturn·
852 1745 980 1803 Mosaicae

49 1824 53 1828 “
106 1821 252 1874 narrationis
268 1816 333 1870 ordo
350 1815 402 1868 hoc
418 1815 543 1881 orrenda,
563 1815 603 1868 sed
617 1815 755 1886 Stephanus
772 1839 873 1895 quoque
889 1824 979 1878 diserte

106 1894 243 1969 perhibeat.
287 1896 320 1945 ita
335 1910 395 1945 vero
402 1892 481 1965 thisf
493 1894 520 1943 iu
540 1890 653 1963 fauorem
668 1910 751 1947 nouae
770 1895 826 1950 suae
842 1890 978 1955 sententiae

106 1971 258 2040 contradixit·
269 1969 287 2039 t.
301 1986 321 2027 cs
334 1968 412 2038 ‘saepe
424 1966 536 2035 laudatus
547 1965 647 2029 audior,
667 1981 693 2021 vt
709 1970 814 2041 diceret,
833 1974 977 2045 scripturam

105 2048 198 2102 sacram
210 2047 280 2115 saepe
293 2043 361 2098 hune
373 2062 470 2097 moreni
483 2044 590 2113 seruare,
611 2057 638 2097 vt
649 2050 756 2101 omnino
772 2048 882 2105 absoluat
897 2051 976 2107 histo-

108 2127 168 2177 riam
182 2125 253 2175 vnius
264 2121 383 2192 personae
394 2139 451 2174 cunr
467 2120 578 2188 eiusdem
592 2136 686 2187 morte,
707 2129 821 2196 quamuis
838 2145 866 2180 ea
882 2127 975 2183 mustos

105 2199 159 2269 post
175 2216 255 2250 anuos
272 2196 381 2250 insecuta
397 2197 502 2252 demunt
519 2196 603 2251 fuerit:
623 2213 648 2251 et
667 2197 697 2253 src
708 2204 867 2258 carneadem
878 2204 976 2260 Tharei

105 2275 206 2328 historia
221 2273 268 2326 esse
286 2285 470 2343 comparatum,
495 2275 610 2340 affirmat,
629 2288 655 2328 et
671 2275 734 2330 adeo
753 2294 836 2348 negat,
856 2281 976 2337 ordinem

105 2369 118 2404 a
134 2350 206 2403 Mose
222 2347 380 2412 obseruatum
402 2352 428 2403 in
438 2350 562 2403 auxiliarii
580 2350 648 2420 posse
664 2355 750 2406 vocari
767 2361 906 2427 apatronis
921 2362 975 2413 eius

105 2428 246 2498 opinionis,
271 2442 333 2498 quae
354 2426 457 2481 denium
478 2428 533 2497 poss
549 2425 646 2480 obitum
664 2429 772 2498 Tharei‚
797 2436 977 2502 migrationem

107 2502 226 2558 Abraanri
238 2521 252 2556 e
264 2501 365 2555 Charris
377 2502 463 2557 statuit.
499 2504 653 2574 Longiffinre
671 2504 785 2576 profesto
799 2508 930 2581 absumta,
951 2528 978 2567 vt

106 2598 241 2652 argentea,
260 2577 335 2635 talem
346 2579 462 2636 ordinent
472 2580 599 2635 interdum
610 2598 624 2635 a
636 2582 709 2637 sacris
721 2582 882 2656 scriptoribus
893 2588 976 2644 obser.

143 2691 145 2693 v
511 2659 535 2712 N
557 2673 569 2708 2
917 2668 975 2735 vari,
